<?xml version="1.0" encoding="UTF-8"?><collection xmlns="http://www.loc.gov/MARC21/slim"><record><leader>00375nam--2200133-i-4500</leader><controlfield tag="001">000013863</controlfield><controlfield tag="002">20161230</controlfield><controlfield tag="005">20161230201030</controlfield><controlfield tag="008">060222s1000------------r-----000-0-eng-d</controlfield><datafield ind1=" " ind2=" " tag="080"><subfield code="a">550.34</subfield></datafield><datafield ind1=" " ind2=" " tag="100"><subfield code="a">Charlier, Ch. Et Van Gils,J.M</subfield></datafield><datafield ind1=" " ind2=" " tag="245"><subfield code="a">Liste des station seismologique mondiales</subfield></datafield><datafield ind1=" " ind2=" " tag="260"><subfield code="a">/F.L./,Observatoire Roial De Belgique A Uccle, 1953. Pag Dif</subfield></datafield><datafield ind1=" " ind2=" " tag="852"><subfield code="a">47782</subfield></datafield></record></collection>